@inproceedings{yanardag2015deep,
  title={Deep graph kernels},
  author={Yanardag, Pinar and Vishwanathan, SVN},
  booktitle={Proceedings of the 21th ACM SIGKDD International Conference on Knowledge Discovery and Data Mining},
  pages={1365--1374},
  year={2015},
  organization={ACM}
}

@inproceedings{patrini2017making,
  title={Making deep neural networks robust to label noise: A loss correction approach},
  author={Patrini, Giorgio and Rozza, Alessandro and Krishna Menon, Aditya and Nock, Richard and Qu, Lizhen},
  booktitle={Proceedings of the IEEE Conference on Computer Vision and Pattern Recognition},
  pages={1944--1952},
  year={2017}
}

@inproceedings{hamilton2017inductive,
  title={Inductive representation learning on large graphs},
  author={Hamilton, Will and Ying, Zhitao and Leskovec, Jure},
  booktitle={Advances in Neural Information Processing Systems},
  pages={1024--1034},
  year={2017}
}

@inproceedings{xu2018how,
  title={How Powerful are Graph Neural Networks?},
  author={Keyulu Xu and Weihua Hu and Jure Leskovec and Stefanie Jegelka},
  booktitle={International Conference on Learning Representations},
  year={2019},
  url={https://openreview.net/forum?id=ryGs6iA5Km},
}

@article{zhou2017brief,
  title={A brief introduction to weakly supervised learning},
  author={Zhou, Zhi-Hua},
  journal={National Science Review},
  volume={5},
  number={1},
  pages={44--53},
  year={2017},
  publisher={Oxford University Press}
}

@inproceedings{patrini2016loss,
  title={Loss factorization, weakly supervised learning and label noise robustness},
  author={Patrini, Giorgio and Nielsen, Frank and Nock, Richard and Carioni, Marcello},
  booktitle={International conference on machine learning},
  pages={708--717},
  year={2016}
}

@inproceedings{natarajan2013learning,
  title={Learning with noisy labels},
  author={Natarajan, Nagarajan and Dhillon, Inderjit S and Ravikumar, Pradeep K and Tewari, Ambuj},
  booktitle={Advances in neural information processing systems},
  pages={1196--1204},
  year={2013}
}

@article{biggio2012poisoning,
  title={Poisoning attacks against support vector machines},
  author={Biggio, Battista and Nelson, Blaine and Laskov, Pavel},
  journal={arXiv preprint arXiv:1206.6389},
  year={2012}
}

@inproceedings{georgakopoulos2016weakly,
  title={Weakly-supervised convolutional learning for detection of inflammatory gastrointestinal lesions},
  author={Georgakopoulos, Spiros V and Iakovidis, Dimitris K and Vasilakakis, Michael and Plagianakos, Vassilis P and Koulaouzidis, Anastasios},
  booktitle={2016 IEEE international conference on imaging systems and techniques (IST)},
  pages={510--514},
  year={2016},
  organization={IEEE}
}

@inproceedings{kipf2017semi,
  title={Semi-Supervised Classification with Graph Convolutional Networks},
  author={Kipf, Thomas N. and Welling, Max},
  booktitle={International Conference on Learning Representations (ICLR)},
  year={2017}
}